
@misc{center_for_history_and_new_media_zotero_nodate,
	title = {Zotero {Quick} {Start} {Guide}},
	url = {http://zotero.org/support/quick_start_guide},
	author = {{Center for History and New Media}},
	annote = {Welcome to Zotero!View the Quick Start Guide to learn how to begin collecting, managing, citing, and sharing your research sources.Thanks for installing Zotero.}
}

@article{kropff_speed_2015,
	title = {Speed cells in the medial entorhinal cortex},
	volume = {523},
	number = {7561},
	journal = {Nature},
	author = {Kropff, Emilio and Carmichael, James E. and Moser, May-Britt and Moser, Edvard I.},
	year = {2015},
	pages = {419},
	file = {Snapshot:/home/zetdg/.zotero/zotero/gfbuscfs.default/zotero/storage/28ZZJXLG/nature14622.html:text/html}
}

@misc{noauthor_stryer_nodate,
	title = {Stryer {\textbar} {Bioquímica}},
	url = {https://issuu.com/guanabarakoogan/docs/stryeramostra},
	abstract = {Stryer {\textbar} Bioquímica},
	language = {en},
	urldate = {2018-03-15},
	journal = {Issuu},
	file = {Snapshot:/home/zetdg/.zotero/zotero/gfbuscfs.default/zotero/storage/P7LJVFTG/stryeramostra.html:text/html}
}

@misc{noauthor_berg_nodate,
	title = {Berg - {Bioquímica} — bibicbs},
	url = {http://www.ufrgs.br/bibicbs/livros-novos/berg-bioquimica},
	urldate = {2018-03-15},
	file = {Berg - Bioquímica — bibicbs:/home/zetdg/.zotero/zotero/gfbuscfs.default/zotero/storage/2HZBHCDD/berg-bioquimica.html:text/html}
}

@book{jeremy_berg_bioquimica_2012,
	edition = {6ª},
	title = {Bioquímica},
	isbn = {978-85-277-1369-6},
	author = {{Jeremy Berg} and {John Tymoczko} and {Lubert Stryer}},
	year = {2012}
}

@Book{LATEX04,
  author = 	 {Frank Mittelbach and Michel Goossens},
  ALTeditor = 	 {},
  title = 	 {The {\LaTeX} Companion},
  publisher = 	 {Addison-Wesley},
  year = 	 2004,
  OPTkey = 	 {},
  OPTvolume = 	 {},
  OPTnumber = 	 {},
  OPTseries = 	 {},
  address = 	 {San Francisco, EUA},
  edition = 	 2,
  OPTmonth = 	 {},
  OPTnote = 	 {},
  OPTannote = 	 {}
}
